<?xml version="1.0" encoding="UTF-8"?><collection xmlns="http://www.loc.gov/MARC21/slim"><record><leader>00508nam--2200169-u-4500</leader><controlfield tag="001">000051190</controlfield><controlfield tag="002">20161230</controlfield><controlfield tag="005">20161230201049</controlfield><controlfield tag="008">080529s1000------------r-----000-0-eng-d</controlfield><datafield ind1=" " ind2=" " tag="040"><subfield code="a">IFIN-HH</subfield></datafield><datafield ind1=" " ind2=" " tag="080"><subfield code="a">514.8</subfield></datafield><datafield ind1="1" ind2=" " tag="100"><subfield code="a">Denardo,G. and Doebner,H.D</subfield></datafield><datafield ind1="1" ind2="0" tag="245"><subfield code="a">Conference on Differential Geometric Methods in Theoretical Physics. Int.Centre for Theoretical Physics, Trieste 30 June - 3 July 1981</subfield></datafield><datafield ind1=" " ind2=" " tag="260"><subfield code="a">Singapore</subfield><subfield code="c">1983</subfield></datafield><datafield ind1=" " ind2=" " tag="300"><subfield code="a">294 p</subfield></datafield><datafield ind1=" " ind2=" " tag="852"><subfield code="a">73883</subfield><subfield code="c">513</subfield></datafield><datafield ind1=" " ind2=" " tag="CAT"><subfield code="a">Sys</subfield><subfield code="c">20080529</subfield><subfield code="h">102703</subfield></datafield></record></collection>